<?xml version="1.0" encoding="UTF-8"?><collection xmlns="http://www.loc.gov/MARC21/slim"><record><leader>00374nam--2200145-i-4500</leader><controlfield tag="001">000000347</controlfield><controlfield tag="002">20161230</controlfield><controlfield tag="005">20161230201024</controlfield><controlfield tag="008">060222s1000------------r-----000-0-eng-d</controlfield><datafield ind1=" " ind2=" " tag="080"><subfield code="a">517.962</subfield></datafield><datafield ind1=" " ind2=" " tag="100"><subfield code="a">Ghelfond, A.O</subfield></datafield><datafield ind1=" " ind2=" " tag="245"><subfield code="a">Calculul cu diferente finite</subfield></datafield><datafield ind1=" " ind2=" " tag="260"><subfield code="a">Bucuresti, Editura Tehnica. 470 P. + Erata</subfield></datafield><datafield ind1=" " ind2=" " tag="852"><subfield code="a">4988</subfield><subfield code="c">518.12</subfield></datafield><datafield ind1=" " ind2=" " tag="CAT"><subfield code="a">Sys</subfield><subfield code="c">20090616</subfield><subfield code="h">095809</subfield></datafield></record></collection>